%\bibitem{book} I. Chueshov, I. Lasiecka, Von Karman Evolution Equations. Well-posedness and Long-time Dynamics, in: Springer Monographs in Mathematics, Springer, NewYork, 2010, p.xiv+766.
@BOOK{book,
  author =       {I. Chueshov and I. Lasiecka},
  title =        {Von Karman Evolution Equations. Well-posedness and Long-time Dynamics},
  publisher =    {Springer Monographs in Mathematics, Springer, NewYork},
  year =         {2010},
}

%\bibitem{Chueshov} Chueshov I, Lasiecka I . Von Karman Equations Without Rotational Inertia[M]// Von Karman Evolution Equations. Springer New York, 2010.
@BOOK{Chueshov,
  author =       {Chueshov I. and Lasiecka I.},
  title =        {Von Karman Evolution Equations},
  publisher =    {Springer New York},
  year =         {2010},
}
%\bibitem{RIVERA1} Mu\~{n}oz Rivera J E , Perla Menzala G . Decay rates of solutions to a von Kármán system for viscoelastic plates with memory[J]. Quarterly of Applied Mathematics, 1999, 57(1):181-200.
@ARTICLE{RIVERA1,
  author =       {Mu\~{n}oz Rivera J. E. and Perla Menzala G.},
  title =        {Decay rates of solutions to a Von K\'{a}rm\'{a}n system for viscoelastic plates with memory},
  journal =      {Quarterly of Applied Mathematics},
  year =         {1999},
  volume =       {57},
  number =       {1},
  pages =        {181-200},
}

%\bibitem{RIVERA2} J. E. Mu?oz Rivera, Lapa E C , Barreto R . Decay rates for viscoelastic plates with memory[J]. Journal of Elasticity, 1996, 44(1):61-87.
@ARTICLE{RIVERA2,
  author =       {J. E. Mu\~{n}oz Rivera, Lapa E C, Barreto R},
  title =        {Decay rates for viscoelastic plates with memory},
  journal =      {Journal of Elasticity},
  year =         {1996},
  volume =       {44},
  number =       {1},
  pages =        {61-87},
}

%\bibitem{RIVERA3} J. Mu\~{o}z Rivera, G. Perla Menzala, Uniform rates of decay for full von Kármán systems of dynamic viscoelasticity with memory, Asymptot. Anal. 27 (3–4)(2001)335–357.
@ARTICLE{RIVERA3,
  author =       {J. Mu\~{o}z Rivera, G. Perla Menzala},
  title =        {Uniform rates of decay for full Von K\'{a}rm\'{a}n systems of dynamic viscoelasticity with memory},
  journal =      {Asymptot. Anal},
  year =         {2001},
  volume =       {27},
  number =       {3-4},
  pages =        {335-357},
}
%\bibitem{RIVERA4} S. Jiam, J.E. Mu?oz Rivera, A global existence theorem for the dirichlet problem in nonlinear n-dimensional viscoelasticity, Differential Integral Equations9(4)(1996)791–810.
@ARTICLE{RIVERA4,
  author =       {J. Mu\~{o}z Rivera, G. Perla Menzala},
  title =        {Uniform rates of decay for full von Von K\'{a}rm\'{a}n systems of dynamic viscoelasticity with memory},
  journal =      {Asymptot. Anal},
  year =         {2001},
  volume =       {27},
  number =       {3-4},
  pages =        {335-357},
}
%\bibitem{Sun-Hye} Park S H . STABILITY OF A VON KARMAN EQUATION WITH INFINITE MEMORY[J]. Acta Mathematica Scientia, 2017, 37(4):965-973.
@ARTICLE{Sun-Hye,
  author =       {Sun-Hye, PARK},
  title =        {STABILITY OF A VON KARMAN EQUATION WITH INFINITE MEMORY},
  journal =      {Acta Mathematica Scientia},
  year =         {2017},
  volume =       {37},
  number =       {4},
  pages =        {965-973},
}

%\bibitem{Sun-Hye2} Sunhye P . Attractors for a von Karman equation with memory[J]. Science China(Mathematics), 2015, v.58(12):33-44.
@ARTICLE{Sun-Hye2,
  author =       {Sun-Hye, PARK},
  title =        {Attractors for a von Karman equation with memory},
  journal =      {Science China(Mathematics)},
  year =         {2015},
  volume =       {58},
  number =       {12},
  pages =        {33-44},
}

%\bibitem{Sun-Hye3} Park S H , Park J Y , Kang Y H . General decay for a von Karman equation of memory type with acoustic boundary conditions[J]. Zeitschrift Für Angewandte Mathematik Und Physik, 2012, 63(5):813-823.
@ARTICLE{Sun-Hye3,
  author =       {Park, Sun Hye and J. Y. Park and Y. H. Kang},
  title =        {General decay for a von Karman equation of memory type with acoustic boundary conditions},
  journal =      {Zeitschrift F\"{u}r Angewandte Mathematik Und Physik},
  year =         {2012},
  volume =       {63},
  number =       {5},
  pages =        {813-823},
}

%\bibitem{Raposo} Raposo, C. A. , and M. L. Santos . "General decay to a von Kármán system with memory." Nonlinear Analysis Theory Methods & Applications 74.3(2011):937-945.
@ARTICLE{Raposo,
  author =       {Raposo, C. A. and M. L. Santos},
  title =        {General decay to a von Von K\'{a}rm\'{a}n system with memory},
  journal =      {Nonlinear Analysis Theory Methods and Applications},
  year =         {2011},
  volume =       {74},
  number =       {3},
  pages =        {937-945},
}

%\bibitem{Roger} ROGER TEMAM. INFINITE-DIMENSIONAL DYNAMICAL SYSTEMS IN MECHANICS AND PHYSICS[M]. World Publishing Corporation, 1997.
@BOOK{Roger,
  author =       {ROGER TEMAM},
  title =       {INFINITE-DIMENSIONAL DYNAMICAL SYSTEMS IN MECHANICS AND PHYSICS},
  publisher =    {World Publishing Corporation},
  year =         {1997},
}

%\bibitem{Cava} Cavalcanti M M , Cavalcanti, André D.D, Lasiecka I , et al. Existence and sharp decay rate estimates for a von Karman system with long memory[J]. Nonlinear Analysis: Real World Applications, 2015, 22:289-306.
@ARTICLE{Cava,
  author =       {Cavalcanti M. M. and Cavalcanti, Andr\'{e} D.D and Lasiecka I and et. al},
  title =        {Existence and sharp decay rate estimates for a von Karman system with long memory},
  journal =      {Nonlinear Analysis: Real World Applications},
  year =         {2015},
  volume =       {22},
  pages =        {289-306},
}

%\bibitem{Xiao} Xiao T J , Zhang H . Optimal decay rates for semilinear wave equations with memory and Neumann boundary conditions[J]. Applicable Analysis, 2017(4):1-16.
@ARTICLE{Xiao,
  author =       {Xiao T. J. and Zhang H.},
  title =        {Optimal decay rates for semilinear wave equations with memory and Neumann boundary conditions},
  journal =      {Applicable Analysis},
  year =         {2018},
  number =       {15},
  volume =       {97},
  pages =        {2594-2609},
}

%\bibitem{Canna} Cannarsa P , Sforza D . Semilinear Integrodifferential Equations of Hyperbolic Type: Existence in the Large[J]. Mediterranean Journal of Mathematics, 2004, 1(2):151-174.
@ARTICLE{Canna,
  author =       {Cannarsa P. and Sforza D.},
  title =        {Semilinear Integrodifferential Equations of Hyperbolic Type: Existence in the Large},
  journal =      {Mediterranean Journal of Mathematics},
  year =         {2004},
  volume =       {1},
  number =       {2},
  pages =        {151-174},
}

%\bibitem{Pruss} Prüss, Jan. Evolutionary Integral Equations and Applications || [M]. Springer Basel, 2012.
@BOOK{Pruss,
  author =       {Pr\"{u}ss, Jan},
  title =        {Evolutionary Integral Equations and Applications},
  publisher =    {Springer Basel},
  year =         {2012},
}

%\bibitem{Robinson} Robinson J C, Pierre C. Infinite-Dimensional Dynamical Systems: An Introduction to Dissipative Parabolic PDEs and the Theory of Global Attractors. Cambridge Texts in Applied Mathematics[J]. 2003, 56(4):B54.
@ARTICLE{Robinson,
  author =       {Robinson J. C. and Pierre C.},
  title =        {Infinite-Dimensional Dynamical Systems: An Introduction to Dissipative Parabolic PDEs and the Theory of Global Attractors},
  journal =      {Cambridge Texts in Applied Mathematics},
  year =         {2003},
  volume =       {56},
  number =       {4},
  pages =        {B54},
}

%\bibitem{Evolution} Chin-Yuan Lin. Nonlinear evolution equations[J]. Electronic Journal of Differential Equations, 2005, 2005(42):267-72.
@ARTICLE{Evolution,
  author =       {Chin-Yuan Lin},
  title =        {Nonlinear evolution equations},
  journal =      {Electronic Journal of Differential Equations},
  year =         {2005},
  volume =       {2005},
  number =       {42},
  pages =        {267-72},
}

%\bibitem{Cavalcanti} Cavalcanti M M , Fatori L H , Ma T F . Attractors for wave equations with degenerate memory[J]. Journal of Differential Equations, 2016, 260(1):56-83.
@ARTICLE{Cavalcanti,
  author =       {Cavalcanti M. M. and Fatori L. H. and Ma T. F.},
  title =        {Attractors for wave equations with degenerate memory},
  journal =      {Journal of Differential Equations},
  year =         {2016},
  volume =       {260},
  number =       {1},
  pages =        {56-83},
}

%\bibitem{Sforza} Sforza D, Cannarsa P. An existence result for semilinear equations in viscoelasticity: the case of regular kernels[M] Mathematical Models And Methods For Smart Materials. 2002.
@BOOK{Sforza,
  author =       {Sforza D. and Cannarsa P.},
  title =        {An existence result for semilinear equations in viscoelasticity: the case of regular kernels},
  publisher =      {Mathematical Models And Methods For Smart Materials},
  year =         {2002},
}
%jin liang coupled second order nonlinear evolution equations indirectly damped via memory effects
@ARTICLE{Tijun,
  author =       {Ti-Jun Xiao and Jin Liang},
  title =        {Coupled second order semilinear evolution equations indirectly damped via memory effects},
  journal =      {Journal of Differential Equations},
  year =         {2013},
  volume =       {254},
  number=         {5},
  pages =        {2128-2157},
}
@ARTICLE{Igor,
  author =       {Igor Chueshov and Irena Lasiecka},
  title =        {Attractors for Second-Order Evolution Equations with a Nonlinear Damping},
  journal =      {Journal of Dynamics and Diferential Equations},
  year =         {2004},
  volume =       {16},
  number =       {2},
  pages =        {469-512},
}

@ARTICLE{LasieckaFinite,
  title={Finite dimensionality and compactness of attractors for von Karman equations with nonlinear dissipation},
  author={Lasiecka, Irena},
  journal={Nonlinear Differential Equations and Applications Nodea},
  year={1999},
  volume={6},
  number={4},
  pages={437-472},
}

@ARTICLE{AlabauDecay,
  title={Decay estimates for second order evolution equations with memory},
  author={Alabau-Boussouira, Fatiha and Piermarco Cannarsa and Daniela Sforza},
  journal={Journal of Functional Analysis},
  year={2008},
  volume={254},
  number={5},
  pages={1342-1372},
}

@ARTICLE{LasieckaNote,
  title={Note on intrinsic decay rates for abstract wave equations with memory},
  author={Lasiecka, Irena and Messaoudi, Salim A. and Mustafa, Muhammad I.},
  journal={Journal of Mathematical Physics},
  volume={54},
  number={3},
  pages={507-533},
  year={2013},
}

@ARTICLE{PataAttractors,
  title={Attractors for a damped wave equation with linear memory},
  author={Pata, V. and Zucchi, A.},
  journal={Advances in Mathematical Sciences and Applications},
  volume={23},
  pages={ 505-529},
  year={2001},
}
%Uniform boundary stabilization of semilinear wave equation with nonlinear boundary damping

@ARTICLE{LasieckaBoundary,
  title={Uniform boundary stabilization of semilinear wave equation with nonlinear boundary damping},
  author={I. Lasiecka and D. Tataru},
  journal={Differential and Integral Equations},
  volume={6},
  number={3},
  pages={507-533},
  year={1993},
}

@ARTICLE{GraberUniform,
  title={Uniform boundary stabilization of a wave equation with nonlinear acoustic boundary conditions and nonlinear boundary damping},
  author={Graber and P. Jameson},
  journal={Journal of Evolution Equations},
  year={2012},
  volume={12},
  number={1},
  pages={141-164},
}

%%%%%%%      NOTE 姓名的逗号在哪！！！！！
@ARTICLE{LiuOn,
  title={On the exponential stability of linear viscoelasticity and thermoviscoelasticity},
  author={Liu, Zhuangyi and Zheng, Songmu},
  journal={Quarterly of Applied Mathematics},
  year={1996},
  volume={54},
  number={1},
  pages={21-31},
}

@ARTICLE{JinCoupled,
  title={Coupled second order evolution equations with fading memory: Optimal energy decay rate},
  author={Jin, Kun Peng and Liang, Jin and Xiao, Ti-Jun},
  journal={Journal of Differential Equations},
  year={2014},
  volume={257},
  number={5},
  pages={1501-1528},
}

@ARTICLE{FengLong,
  title={Long-time dynamics for a nonlinear Timoshenko system with delay},
  author={Feng, Baowei and Yang, Xin-Guang},
  journal={Applicable Analysis},
  year={2016},
  pages={1-20},
}

@ARTICLE{GiorgiGlobal,
  title={Global Attractors for a Semilinear Hyperbolic Equation in Viscoelasticity},
  author={Giorgi, Claudio and Jaime E. Mu\~{n}oz Rivera and Vittorino Pata},
  journal={Journal of Mathematical Analysis and Applications},
  year={2001},
  volume={260},
  number={1},
  pages={83-99},
}

@ARTICLE{LasieckaFinite1995,
  title={Finite-Dimensionality of Attractors Associated with von k\'{a}rm\'{a}n Plate Equations and Boundary Damping},
  author={Lasiecka, I.},
  journal={Journal of Differential Equations},
  year={1995},
  volume={117},
  number={2},
  pages={357-389},
}

@ARTICLE{WuUniform,
  title={Uniform Decay of Solutions for a Nonlinear Viscoelastic Wave Equation with Boundary Dissipation},
  author={Wu, Shun Tang and Chen, Hsueh-Fang},
  journal={Journal of Function Spaces and Applications},
  year={2012},
  volume={2012},
  pages={1-17},
}


@ARTICLE{AngeloExistence,
  title={Global existence, uniqueness and regularity of solutions to a von k\'{a}rm\'{a}n system with nonlinear boundary dissipation},
  author={Angelo Favini and Mary Ann Horn and Irena Lasiecka and Daniel Tataru},
  journal={Journal of Differential and Integral Equations},
  year={1996},
  volume={9},
  number={2},
  pages={267-294},
}

@BOOK{SzhengNonlinear,
  author =       {Songmu Zheng},
  title =        {Nonlinear evolution equations},
  publisher =    {New York: Chapman and Hall/CRC},
  year =         {2004},
  edition =      {1st},
}

@book{Webb1983Semigroups,
  title={Semigroups of Linear Operators and Applications to Partial Differential Equations (A. Pazy)},
  author={Webb, Glenn F.},
  year={1983},
  publisher={New York: Springer-Verlag},
}

@book{Evans2010Partial,
  title={Partial Differential Equations: Second Edition},
  author={Evans, Lawrence C.},
  year={2010},
  publisher={ American Mathematical Society},
  volume =       {19},
}



@article{GronwallArticle,
  title={A Generalization of a Lemma of Bellman and Its Application to Uniqueness Problems of Differential Equations},
  author={Bihari, I. A.},
  journal={Acta Mathematica Academiae Scientiarum Hungarica},
  volume={7},
  number={1},
  pages={81-94},
  year={1956},
}

@book{GronwallBook,
  title={Differential Equations},
  author={Viorel Barbu},
  year={2016},
  publisher={Cham: Springer International PublishingChueshov},
}

@book{SobolevBook,
  title={Sobolev spaces},
  author={Robert A. Adams and John J. F. Fournier},
  year={2003},
  publisher={ Academic Press},
}